@book{ninguem2022curioso,
    author = {Senhor Ninguem},
    title = {O curioso caso do livro que ninguém escreveu},
    publisher = {Editora Fantasia},
    address = {Terra do Nunca},
    year = {2022},
    note = {Acessado em: 09 jan. 2022.}
}

@article{alguem2022nada,
  title={Nada de interessante},
  author={Seu Alguem},
  journal={Desconhecido},
  volume={1},
  number={1},
  pages={1--10},
  year={2022},
  publisher={Editora Imaginação},
  note={Acessado em : 09 mar. 2023.}
}

@misc{netBeans,
  author = {Apache},
  title = {NetBeans},
  month = {março},
  year = {2023},
  url={https://netbeans.apache.org/},
  note={Acessado em: 06 set. 2023.}
}


 @misc{cloudSim,
   author = {CloudSim},
   title = {Cloudim},
   month = {janeiro},
   year = {2023},
   url={https://github.com/Cloudslab/cloudsim},
   note={Acessado em: 06 set. 2023.}
 }

 @misc{cloudSim:tutorial,
   author = {cloudsimtutorials},
   title = {sobre},
   month = {janeiro},
   year = {2023},
   url={ https://cloudsimtutorials.online/},
   note={Acessado em: 06 set. 2023.}
 }
